
@book{Szeliski,
  Author = {Richard Szeliski},
  Title = {Computer Vision (Texts in Computer Science)},
  Publisher = {Springer},
  Year = {2013},
  ISBN = {},
  URL = {http://www.amazon.com/Computer-Vision-Texts-Science-ebook/dp/B00BMTJ482%3FSubscriptionId%3D0JYN1NVW651KCA56C102%26tag%3Dtechkie-20%26linkCode%3Dxm2%26camp%3D2025%26creative%3D165953%26creativeASIN%3DB00BMTJ482}
}
@ARTICLE{Chang, 
author={Chu-Yin Chang and Maciejewski, A.A. and Balakrishnan, V.}, 
journal={Image Processing, IEEE Transactions on}, 
title={Fast eigenspace decomposition of correlated images}, 
year={2000}, 
volume={9}, 
number={11}, 
pages={1937-1949}, 
keywords={eigenvalues and eigenfunctions;image representation;image sequences;matrix algebra;video signal processing;circulant matrices;correlated images;fast eigenspace decomposition;representation;subspace dimension;three-dimensional objects;two-dimensional image;user-specified accuracy;video sequences;Computer vision;Face detection;Image analysis;Matrix decomposition;Performance evaluation;Principal component analysis;Testing;Transmission line matrix methods;Two dimensional displays;Video sequences}, 
doi={10.1109/83.877214}, 
ISSN={1057-7149}, 
month={Nov},}
@misc{Authors14b,
 author = {Authors},
 title = {Frobnication tutorial},
 note = {Supplied as additional material {\tt tr.pdf}},
 year = 2014
}

@article{Alpher02,
author = {A. Alpher},
title = {Frobnication},
journal = {Journal of Foo},
volume = 12, 
number = 1, 
pages = {234--778}, 
year = 2002
}

@article{Alpher03,
author = {A. Alpher and  J.~P.~N. Fotheringham-Smythe},
title = {Frobnication revisited},
journal = {Journal of Foo},
volume = 13, 
number = 1, 
pages = {234--778}, 
year = 2003
}

@article{Alpher04,
author = {A. Alpher and J.~P.~N. Fotheringham-Smythe and G. Gamow},
title = {Can a machine frobnicate?},
journal = {Journal of Foo},
volume = 14, 
number = 1, 
pages = {234--778}, 
year = 2004
}
